<?xml version="1.0" encoding="UTF-8"?><record xmlns="http://www.loc.gov/MARC21/slim" xmlns:cinclude="http://apache.org/cocoon/include/1.0" xmlns:zs="http://www.loc.gov/zing/srw/">
  <leader>00432nz  a2200133n  4500</leader>
  <controlfield tag="001">n  85027784 </controlfield>
  <controlfield tag="003">DLC</controlfield>
  <controlfield tag="005">19851009063749.5</controlfield>
  <controlfield tag="008">850805n| acannaab|          |n aaa |||  </controlfield>
  <datafield tag="010" ind1=" " ind2=" ">
    <subfield code="a">n  85027784 </subfield>
  </datafield>
  <datafield tag="040" ind1=" " ind2=" ">
    <subfield code="a">DLC</subfield>
    <subfield code="c">DLC</subfield>
  </datafield>
  <datafield tag="100" ind1="1" ind2="0">
    <subfield code="a">Abbott, Richard H.</subfield>
  </datafield>
  <datafield tag="670" ind1=" " ind2=" ">
    <subfield code="a">His The Republican Party and the South, 1855-1877, c1986:</subfield>
    <subfield code="b">CIP t.p. (Richard H. Abbott) data sheet (b. 8/18/36)</subfield>
  </datafield>
  <datafield tag="670" ind1=" " ind2=" ">
    <subfield code="a">LC data base, 7/25/85</subfield>
    <subfield code="b">(hdg.: Abbott, Richard H.)</subfield>
  </datafield>
</record>